<record><leader>00000cas a22000007i 4500</leader><controlfield tag="001">863053839</controlfield><controlfield tag="006">m     o  d        </controlfield><controlfield tag="007">cr |n|000|||||</controlfield><controlfield tag="008">880311d18901921lauwr neo     0   a0eng  </controlfield><datafield ind1=" " ind2=" " tag="010"><subfield code="a">  2013272166</subfield></datafield><datafield ind1=" " ind2=" " tag="040"><subfield code="a">Nz</subfield><subfield code="b">eng</subfield><subfield code="e">rda</subfield><subfield code="c">Z5A</subfield><subfield code="d">DLC</subfield><subfield code="d">OCLCF</subfield></datafield><datafield ind1="0" ind2=" " tag="022"><subfield code="a">2332-5437</subfield><subfield code="2">1</subfield></datafield><datafield ind1="0" ind2=" " tag="029"><subfield code="a">NZ1</subfield><subfield code="b">15129557</subfield></datafield><datafield ind1="0" ind2=" " tag="041"><subfield code="a">eng</subfield><subfield code="a">fre</subfield></datafield><datafield ind1=" " ind2=" " tag="042"><subfield code="a">msc</subfield><subfield code="a">nsdp</subfield></datafield><datafield ind1=" " ind2=" " tag="043"><subfield code="a">n-us-la</subfield></datafield><datafield ind1="1" ind2="0" tag="050"><subfield code="a">ISSN RECORD</subfield></datafield><datafield ind1="0" ind2=" " tag="130"><subfield code="a">St. Landry clarion (Online)</subfield></datafield><datafield ind1=" " ind2="0" tag="222"><subfield code="a">St. Landry clarion</subfield><subfield code="b">(Online)</subfield></datafield><datafield ind1="1" ind2="0" tag="245"><subfield code="a">St. Landry clarion.</subfield></datafield><datafield ind1="1" ind2="3" tag="246"><subfield code="a">Clarion</subfield></datafield><datafield ind1="3" ind2="0" tag="246"><subfield code="a">Saint Landry clarion</subfield></datafield><datafield ind1=" " ind2="1" tag="264"><subfield code="a">Opelousas, La. :</subfield><subfield code="b">St. Landry Printing and Publishing Co.,</subfield><subfield code="c">1890-1921.</subfield></datafield><datafield ind1=" " ind2=" " tag="300"><subfield code="a">1 online resource</subfield></datafield><datafield ind1=" " ind2=" " tag="310"><subfield code="a">Weekly</subfield></datafield><datafield ind1=" " ind2=" " tag="336"><subfield code="a">text</subfield><subfield code="b">txt</subfield><subfield code="2">rdacontent</subfield></datafield><datafield ind1=" " ind2=" " tag="337"><subfield code="a">computer</subfield><subfield code="b">c</subfield><subfield code="2">rdamedia</subfield></datafield><datafield ind1=" " ind2=" " tag="338"><subfield code="a">online resource</subfield><subfield code="b">cr</subfield><subfield code="2">rdacarrier</subfield></datafield><datafield ind1="1" ind2=" " tag="362"><subfield code="a">Began with vol. I, no. 1 (October 11, 1890); ceased with vol. XXXII, no. 4 (Nov. 19, 1921).</subfield></datafield><datafield ind1=" " ind2=" " tag="500"><subfield code="a">Publisher: The Clarion Company, Ltd., &lt;November 1921&gt;.</subfield></datafield><datafield ind1=" " ind2=" " tag="546"><subfield code="a">In English and French, Nov. 22, 1890-&lt;Apr. 30, 1892&gt;.</subfield></datafield><datafield ind1=" " ind2=" " tag="588"><subfield code="a">Description based on: Vol. I, no. 1 (October 11, 1890); title from masthead (Chroniclingamerica.loc.gov, viewed December 4, 2013).</subfield></datafield><datafield ind1=" " ind2=" " tag="588"><subfield code="a">Latest issue consulted: Vol. XXXII, no. 4 (Nov. 19, 1921) (Chroniclingamerica.loc.gov, viewed December 4, 2013).</subfield></datafield><datafield ind1=" " ind2="0" tag="651"><subfield code="a">Opelousas (La.)</subfield><subfield code="v">Newspapers.</subfield></datafield><datafield ind1=" " ind2="7" tag="655"><subfield code="a">Newspapers.</subfield><subfield code="2">fast</subfield><subfield code="0">(OCoLC)fst01423814</subfield></datafield><datafield ind1=" " ind2="7" tag="651"><subfield code="a">Louisiana</subfield><subfield code="z">Opelousas.</subfield><subfield code="2">fast</subfield><subfield code="0">(OCoLC)fst01208500</subfield></datafield><datafield ind1=" " ind2=" " tag="752"><subfield code="a">United States</subfield><subfield code="b">Louisiana</subfield><subfield code="c">Saint Landry</subfield><subfield code="d">Opelousas.</subfield></datafield><datafield ind1="0" ind2="8" tag="776"><subfield code="i">Originally issued in print:</subfield><subfield code="t">St. Landry clarion</subfield><subfield code="x">2332-5429</subfield><subfield code="w">(DLC)sn 88064250</subfield><subfield code="w">(OCoLC)17616440</subfield></datafield><datafield ind1="0" ind2="7" tag="785"><subfield code="t">Star-progress (Online)</subfield></datafield><datafield ind1="0" ind2="7" tag="785"><subfield code="t">Clarion-progress (Online)</subfield></datafield><datafield ind1="4" ind2="0" tag="856"><subfield code="u">http://www.loc.gov/chroniclingamerica/lccn/sn88064250/issues</subfield></datafield></record>